
@article{OpenCLInterpreter,
  author = "OpenCL for Interpreter Implementation. ",
  url = "https://grrussel.bitbucket.io/CompileToOpenCL/CompileToOpenCL.html"
}
